<record><leader>00000cas a2200000 a 4500</leader><controlfield tag="001">5168232</controlfield><controlfield tag="008">790713c19799999ksuzn ne      0   a0eng d</controlfield><datafield ind1=" " ind2=" " tag="010"><subfield code="a">sn 79000631 </subfield></datafield><datafield ind1=" " ind2=" " tag="040"><subfield code="a">NSD</subfield><subfield code="b">eng</subfield><subfield code="c">NSD</subfield><subfield code="d">NPT</subfield><subfield code="d">NSD</subfield><subfield code="d">OCL</subfield><subfield code="d">OCLCQ</subfield><subfield code="d">OCLCO</subfield></datafield><datafield ind1=" " ind2=" " tag="012"><subfield code="k">1</subfield><subfield code="m">1</subfield></datafield><datafield ind1="1" ind2=" " tag="022"><subfield code="a">0194-9799</subfield><subfield code="l">0194-9799</subfield><subfield code="y">0012-883X</subfield><subfield code="2">1</subfield></datafield><datafield ind1=" " ind2=" " tag="032"><subfield code="a">165900</subfield><subfield code="b">USPS</subfield></datafield><datafield ind1=" " ind2=" " tag="037"><subfield code="b">The Leaven, 12615 Parallel Parkway, Kansas City KS 66109</subfield></datafield><datafield ind1=" " ind2=" " tag="042"><subfield code="a">nsdp</subfield></datafield><datafield ind1=" " ind2="4" tag="222"><subfield code="a">The Leaven</subfield><subfield code="b">(Kansas City)</subfield></datafield><datafield ind1="0" ind2="4" tag="245"><subfield code="a">The Leaven.</subfield></datafield><datafield ind1=" " ind2=" " tag="260"><subfield code="a">Kansas City, Kan. :</subfield><subfield code="b">[s.n.],</subfield><subfield code="c">1979-</subfield></datafield><datafield ind1=" " ind2=" " tag="300"><subfield code="a">v. :</subfield><subfield code="b">ill. ;</subfield><subfield code="c">41 cm.</subfield></datafield><datafield ind1=" " ind2=" " tag="310"><subfield code="a">Weekly (Sept.-May, except last week in Dec. and week after Easter); biweekly (June-Aug.),</subfield><subfield code="b">&lt;Oct. 1991&gt;-</subfield></datafield><datafield ind1=" " ind2=" " tag="321"><subfield code="a">Weekly (Sept.-May, except last week in Dec.); biweekly (June-Aug.),</subfield><subfield code="b">July 6, 1979-</subfield></datafield><datafield ind1="0" ind2=" " tag="362"><subfield code="a">Vol. 1, no. 1 (July 6, 1979)-</subfield></datafield><datafield ind1=" " ind2=" " tag="500"><subfield code="a">"Official paper of Archdiocese of Kansas City in Kansas."</subfield></datafield><datafield ind1="2" ind2=" " tag="710"><subfield code="a">Catholic Church.</subfield><subfield code="b">Archdiocese of Kansas City in Kansas.</subfield></datafield><datafield ind1=" " ind2=" " tag="752"><subfield code="a">United States</subfield><subfield code="b">Kansas</subfield><subfield code="c">Wyandotte</subfield><subfield code="d">Kansas City.</subfield></datafield><datafield ind1="0" ind2="0" tag="780"><subfield code="t">Eastern Kansas register</subfield><subfield code="w">(OCoLC)4163410</subfield><subfield code="x">0012-883X</subfield></datafield><datafield ind1=" " ind2=" " tag="936"><subfield code="a">Vol. 13, no. 12 (Oct. 18, 1991) LIC</subfield></datafield></record>